<record><leader>00000cas a22000007a 4500</leader><controlfield tag="001">15129513</controlfield><controlfield tag="008">870129d19111915wiudn ne      0    0eng d</controlfield><datafield ind1=" " ind2=" " tag="010"><subfield code="a">sn 87082056 </subfield></datafield><datafield ind1=" " ind2=" " tag="040"><subfield code="a">NPV</subfield><subfield code="b">eng</subfield><subfield code="c">NPV</subfield><subfield code="d">OCLCQ</subfield></datafield><datafield ind1=" " ind2=" " tag="042"><subfield code="a">msc</subfield></datafield><datafield ind1="0" ind2=" " tag="130"><subfield code="a">Beaver Dam daily citizen (Beaver Dam, Wis. : 1911)</subfield></datafield><datafield ind1="1" ind2="0" tag="245"><subfield code="a">Beaver Dam daily citizen.</subfield></datafield><datafield ind1=" " ind2=" " tag="260"><subfield code="a">Beaver Dam, Wis. :</subfield><subfield code="b">E.E. Parker &amp; Son,</subfield><subfield code="c">1911-</subfield></datafield><datafield ind1=" " ind2=" " tag="300"><subfield code="a">v.</subfield></datafield><datafield ind1=" " ind2=" " tag="310"><subfield code="a">Daily (except Sunday)</subfield></datafield><datafield ind1="0" ind2=" " tag="362"><subfield code="a">Vol. 1, no. 1 (Feb. 20, 1911)-</subfield></datafield><datafield ind1="1" ind2=" " tag="362"><subfield code="a">Ceased with June 12, 1915 issue?</subfield></datafield><datafield ind1=" " ind2=" " tag="752"><subfield code="a">United States</subfield><subfield code="b">Wisconsin</subfield><subfield code="c">Dodge</subfield><subfield code="d">Beaver Dam.</subfield></datafield><datafield ind1="0" ind2="0" tag="785"><subfield code="t">Daily citizen (Beaver Dam, Wis. : 1911)</subfield><subfield code="w">(DLC)sn 87082057</subfield></datafield></record>